<?xml version="1.0" encoding="UTF-8"?><collection xmlns="http://www.loc.gov/MARC21/slim"><record><leader>00460nam--2200121-i-4500</leader><controlfield tag="001">000010846</controlfield><controlfield tag="002">20161230</controlfield><controlfield tag="005">20161230201029</controlfield><controlfield tag="008">060222s1000------------r-----000-0-eng-d</controlfield><datafield ind1=" " ind2=" " tag="080"><subfield code="a">608(061.3):6(0613)</subfield></datafield><datafield ind1=" " ind2=" " tag="245"><subfield code="a">Aplicarea eficient[ a stiintei si tehnicii in industrie. lucrarile seminarului cee/onu bucuresti-romani a 30 oct.- 3 nov. 1972</subfield></datafield><datafield ind1=" " ind2=" " tag="260"><subfield code="a">Bucuresti, Institutul National De Informare Si Documentare Stiintifica Si Tehnica, 1972. 390 P</subfield></datafield><datafield ind1=" " ind2=" " tag="852"><subfield code="a">39897</subfield></datafield></record></collection>